@proceeding{sensys2009,
 note = {General Chair-Culler, David and Program Chair-Liu, Jie and Program Chair-Welsh, Matt},
 title = {SenSys '09: Proceedings of the 7th ACM Conference on Embedded Networked Sensor Systems},
 year = {2009},
 isbn = {978-1-60558-519-2},
 location = {Berkeley, California},
 publisher = {ACM},
 address = {New York, NY, USA},
}
